@misc{piff:2017,
    author = {Harold MOUCHÈRE and Christopher KERMORVANT and Andres ROJAS and Mickal COUSTATY and Joseph CHAZALON and Bertrand COÜASNON},
    title = {PiFF : a Pivot File Format},
    year = {2017},
    note = {In Proceedings of the 1st International Workshop on Open Services and Tools for Document Analysis. Kyoto, Japan, IEEE}
}

@misc{laia:2016,
    author = {Joan PUIGCERVER and Daniel MARTIN-ALBO and Mauricio VILLEGAS},
    title = {Laia : A deep learning toolkit for HTR},
    year = {2016},
    publisher = {GitHub},
    note = {GitHub repository},
    howpublished = {\url{https://github.com/jpuigcerver/Laia}}
}

@misc{cdbn:2009,
    author = {Honglak LEE and Roger GROSSE and Rajesh RANGANATH and Andrew Y. NG},
    title = {Convolutional Deep Belief Networks for Scalable Unsupervised Learning of Hierarchical Representations},
    year = {2009},
    publisher = {Computer Science Department, Stanford University, Stanford, CA 94305, USA},
    note = {In Proceedings of the 26th International Conference on Machine Learning. Montreal, Canada, 2009},
    howpublished = {\url{http://web.eecs.umich.edu/~honglak/icml09-ConvolutionalDeepBeliefNetworks.pdf}}
}